<record><leader>00000cas a22000007a 4500</leader><controlfield tag="001">19062824</controlfield><controlfield tag="008">890125d19591965aluwr ne      0    0eng d</controlfield><datafield ind1=" " ind2=" " tag="010"><subfield code="a">sn 89050002 </subfield></datafield><datafield ind1=" " ind2=" " tag="040"><subfield code="a">AAR</subfield><subfield code="b">eng</subfield><subfield code="c">AAR</subfield><subfield code="d">CPN</subfield><subfield code="d">OCLCQ</subfield></datafield><datafield ind1=" " ind2=" " tag="042"><subfield code="a">msc</subfield></datafield><datafield ind1="0" ind2="4" tag="245"><subfield code="a">The Jefferson journal &amp; steel city star.</subfield></datafield><datafield ind1="3" ind2="0" tag="246"><subfield code="a">Jefferson journal and steel city star</subfield></datafield><datafield ind1=" " ind2=" " tag="260"><subfield code="a">Fairfield, Ala. :</subfield><subfield code="b">Fred Short,</subfield><subfield code="c">1959-</subfield></datafield><datafield ind1=" " ind2=" " tag="300"><subfield code="a">v.</subfield></datafield><datafield ind1=" " ind2=" " tag="310"><subfield code="a">Weekly</subfield></datafield><datafield ind1="0" ind2=" " tag="362"><subfield code="a">Vol. 20, no. 51 (Jan. 15, 1959)-v. 26, no. 36 (Oct. 21, 1965).</subfield></datafield><datafield ind1=" " ind2=" " tag="500"><subfield code="a">Published in Sumiton, Ala., Jan. 5-Oct. 21, 1965.</subfield></datafield><datafield ind1=" " ind2=" " tag="515"><subfield code="a">Numbering is irregular.</subfield></datafield><datafield ind1=" " ind2=" " tag="752"><subfield code="a">United States</subfield><subfield code="b">Alabama</subfield><subfield code="c">Jefferson</subfield><subfield code="d">Fairfield.</subfield></datafield><datafield ind1=" " ind2=" " tag="752"><subfield code="a">United States</subfield><subfield code="b">Alabama</subfield><subfield code="c">Walker</subfield><subfield code="d">Sumiton.</subfield></datafield><datafield ind1="0" ind2="4" tag="780"><subfield code="t">Steel city star (Fairfield, Ala.)</subfield><subfield code="w">(DLC)sn 87050111</subfield></datafield><datafield ind1="0" ind2="4" tag="780"><subfield code="t">Jefferson journal</subfield></datafield><datafield ind1="0" ind2="0" tag="785"><subfield code="t">Journal-star (Sumiton, Ala.)</subfield><subfield code="w">(DLC)sn 89050003</subfield></datafield></record>